%!TEX root = reactor_nc_main.tex

@article{PDG14,
    Author = {Olive, K. A. and others},
    Journal = {Chin. Phys. C},
    Pages = {090001},
    Title = {{(Particle Data Group), The Review of Particle Physics}},
    Volume = {38},
    Year = {2014}}

@article{Pontecorvo57,
    Author = {B. Pontecorvo},
    Journal = {Zh. Eksp. Teor. Fiz},
    Pages = {549},
    Volume = {33},
    Year = {1957}}

@article{Pontecorvo58,
    Author = {B. Pontecorvo},
    Journal = {Zh. Eksp. Teor. Fiz},
    Pages = {247},
    Volume = {34},
    Year = {1958}}

@article{MNS62,
    Author = {Z. Maki, M. Nakagawa and S. Sakata},
    Journal = {Prog. Theor. Phys.},
    Pages = {870},
    Volume = {28},
    Year = {1962}}

@misc{Pauli30,
    Author = {Pauli, W.},
    Month = {December},
    Title = {{Letter to a physicist's gathering at {T}\"{u}bingen, December 3}},
    Year = {1930}}

@article{Reines53,
    Author = {Reines, F. and Cowan, C. L.},
    Journal = {Phys. Rev.},
    Month = {Nov},
    Pages = {830--831},
    Title = {Detection of the Free Neutrino},
    Volume = {92},
    Year = {1953}}

@article{Cowan56,
    Author = {Cowan, C.L. and Reines, F and Harrison, F.B. and Kruse, H.W. and Mcguire, A.D.},
    Journal = {{Science}},
    Number = {{3212}},
    Pages = {{103-104}},
    Title = {Detection of the Free Neutrino - Confirmation},
    Volume = {{124}},
    Year = {{1956}}}

@article{Reines59,
    Author = {Reines, Frederick and Cowan, Clyde L.},
    Journal = {Phys. Rev.},
    Month = {Jan},
    Pages = {273--279},
    Title = {Free Antineutrino Absorption Cross Section. {I}. {M}easurement of the Free Antineutrino Absorption Cross Section by Protons},
    Volume = {113},
    Year = {1959}}

@article{Bemporad02,
    Author = {Bemporad, Carlo and Gratta, Giorgio and Vogel, Petr},
    Journal = {Rev. Mod. Phys.},
    Month = {Mar},
    Number = {2},
    Pages = {297--328},
    Title = {Reactor-based neutrino oscillation experiments},
    Volume = {74},
    Year = {2002}}

@article{Kamland03,
    Author = {Eguchi, K. and others},
    Journal = {Phys. Rev. Lett.},
    Pages = {021802},
    Title = {{First results from KamLAND: Evidence for reactor anti-neutrino disappearance}},
    Volume = {90},
    Year = {2003}}

@article{Kamland05,
    Author = {Araki, T. and others},
    Journal = {Phys. Rev. Lett.},
    Pages = {081801},
    Title = {{Measurement of neutrino oscillation with KamLAND: Evidence of spectral distortion}},
    Volume = {94},
    Year = {2005}}

@article{Kamland08,
    Author = {Abe, S. and others},
    Journal = {Phys. Rev. Lett.},
    Number = {22},
    Pages = {221803},
    Title = {Precision Measurement of Neutrino Oscillation Parameters with {KamLAND}},
    Volume = {100},
    Year = {2008}}

@article{Dayabay,
  Author = {An, F. P. and others},
  Journal = {Phys. Rev. Lett.},
  Month = {Apr},
  Pages = {171803},
  Title = {{Observation of electron-antineutrino disappearance at Daya Bay}},
  Volume = {108},
  Year = {2012}}


@article{Dayabay14,
    Author = {An, F. P. and others},
    Journal = {Phys. Rev. Lett.},
    Month = {Feb},
    Pages = {061801},
    Title = {Spectral Measurement of Electron Antineutrino Oscillation Amplitude and Frequency at {Daya Bay}},
    Volume = {112},
    Year = {2014}}


@article{Reno,
    Author = {Ahn, J. K. and others},
    Journal = {Phys. Rev. Lett.},
    Month = {May},
    Pages = {191802},
    Title = {Observation of Reactor Electron Antineutrinos Disappearance in the {RENO} Experiment},
    Volume = {108},
    Year = {2012}}


@article{DChooz,
    Author = {Abe, Y. and others},
    Journal = {Phys. Rev. Lett.},
    Month = {Mar},
    Pages = {131801},
    Title = {Indication of Reactor $\bar\nu_e$ Disappearance in the {Double Chooz} Experiment},
    Volume = {108},
    Year = {2012}}

@article{DChooz14,
    Author = {Abe, Y. and others},
    Journal = {Phys. Lett. B},
    Number = {0},
    Pages = {51 - 56},
    Title = {{Background-independent measurement of $\theta_{13}$ in Double Chooz}},
    Volume = {735},
    Year = {2014}}

@article{Mention,
    Author = {Mention, G. and others},
    Journal = {Phys. Rev. D},
    Month = {Apr},
    Pages = {073006},
    Title = {Reactor antineutrino anomaly},
    Volume = {83},
    Year = {2011}}


@article{Davis,
    Author = {Davis, B. R. and Vogel, P. and Mann, F. M. and Schenter, R. E.},
    Journal = {Phys. Rev. C},
    Month = {Jun},
    Pages = {2259--2266},
    Title = {Reactor antineutrino spectra and their application to antineutrino-induced reactions},
    Volume = {19},
    Year = {1979}}

@article{Vogel81,
    Author = {Vogel, P. and Schenter, G. K. and Mann, F. M. and Schenter, R. E.},
    Journal = {Phys. Rev. C},
    Month = {Oct},
    Number = {4},
    Pages = {1543--1553},
    Title = {{Reactor antineutrino spectra and their application to antineutrino-induced reactions. II}},
    Volume = {24},
    Year = {1981}}

@article{Klapdor-Pu,
    Author = {Klapdor, H. V. and Metzinger, J.},
    Journal = {Phys. Rev. Lett.},
    Month = {Jan},
    Pages = {127--131},
    Title = {Antineutrino Spectrum from the Fission Products of {$^{239}$Pu}},
    Volume = {48},
    Year = {1982}}

@article{Klapdor-U,
    Author = {Klapdor, H.V. and Metzinger, J.},
    Journal = {Phys. Lett. B},
    Number = {1},
    Pages = {22 - 26},
    Title = {Calculation of the antineutrino spectrum from thermal fission of {$^{235}$U}},
    Volume = {112},
    Year = {1982}}

@article{Kopeikin,
    Author = {Kopeikin, V. I.},
    Journal = {Sov. J. Nucl. Phys.},
    Pages = {780},
    Volume = {32},
    Year = {1980}}

@article{Mueller,
    Author = {Mueller, Th. A. and others},
    Journal = {Phys. Rev. C},
    Month = {May},
    Pages = {054615},
    Title = {Improved predictions of reactor antineutrino spectra},
    Volume = {83},
    Year = {2011}}

@article{Huber,
    Author = {Huber, Patrick},
    Journal = {Phys. Rev. C},
    Month = {Aug},
    Pages = {024617},
    Title = {Determination of antineutrino spectra from nuclear reactors},
    Volume = {84},
    Year = {2011}}

@article{vonFeilitzsch,
    Author = {von Feilitzsch, F. and Hahn, A.A. and Schreckenbach, K.},
    Journal = {Phys. Lett. B},
    Number = {1--3},
    Pages = {162 - 166},
    Title = {Experimental beta-spectra from {$^{239}$Pu} and {$^{235}$U} thermal neutron fission products and their correlated antineutrino spectra},
    Volume = {118},
    Year = {1982}}

@article{Schreckenbach,
    Author = {Schreckenbach, K. and Colvin, G. and Gelletly, W. and von Feilitzsch, F. },
    Journal = {Phys. Lett. B},
    Pages = {325},
    Title = {Determination of the anti-neutrino spectrum from {$^{235}$U} thermal neutron fission products up to 9.5-MeV},
    Volume = {160},
    Year = {1985}}

@article{Hahn,
    Author = {Hahn, A.A. and others},
    Journal = {Phys. Lett. B},
    Pages = {365},
    Title = {Anti-neutrino spectra from {$^{241}$Pu} and {$^{239}$Pu} thermal neutron fission products},
    Volume = {218},
    Year = {1989}}

@article{Haag,
    Author = {Haag, N. and others},
    Title = {{Experimental Determination of the Antineutrino Spectrum of the Fission Products of $^{238}$U}},
    Journal = {arXiv:},
    Pages = {1312.5601},
    Year = {2013}}

@article{Vogel07,
    Author = {Vogel, P.},
    Title = {Conversion of electron spectrum associated with fission into the antineutrino spectrum},
    Journal = {Phys. Rev. C},
    Pages = {025504},
    Volume = {76},
    Year = {2007}}

@article{Hayes,
    Author = {Hayes, A. C. and Friar, J. L. and Garvey, G. T. and Jungman, Gerard and Jonkmans, G.},
    Journal = {Phys. Rev. Lett.},
    Month = {May},
    Pages = {202501},
    Title = {Systematic Uncertainties in the Analysis of the Reactor Neutrino Anomaly},
    Volume = {112},
    Year = {2014}}

@article{VB99,
    Author = {Vogel, P. and Beacom, J. F.},
    Journal = {Phys. Rev. D},
    Month = {Jul},
    Number = {5},
    Pages = {053003},
    Title = {Angular distribution of neutron inverse beta decay, $\bar\nu_{e}+p \rightarrow e^{+}+n$},
    Volume = {60},
    Year = {1999}}

@article{Strumia,
    Author = {Strumia, Alessandro and Vissani, Francesco},
    Journal = {Phys. Lett. B},
    Number = {1--2},
    Pages = {42--54},
    Title = {Precise quasielastic neutrino/nucleon cross-section},
    Volume = {564},
    Year = {2003}}


@article{Bahcall,
    Author = {Bahcall, John N.},
    Journal = {Phys. Rev.},
    Month = {Jul},
    Pages = {B137--B146},
    Title = {Solar Neutrino Cross Sections and Nuclear Beta Decay},
    Volume = {135},
    Year = {1964}}

@article{Homestake,
    Author = {Davis, Raymond and Harmer, Don S. and Hoffman, Kenneth C.},
    Journal = {Phys. Rev. Lett.},
    Month = {May},
    Number = {21},
    Pages = {1205--1209},
    Title = {Search for Neutrinos from the Sun},
    Volume = {20},
    Year = {1968}}

@article{GALLEX,
    Author = {Hampel, W. and others},
    Journal = {Physics Letters B},
    Number = {1--2},
    Pages = {127 - 133},
    Title = {{GALLEX} solar neutrino observations: results for {GALLEX} {IV}},
    Volume = {447},
    Year = {1999}}

@article{SAGE,
    Author = {Abdurashitov, J. N. and others},
    Journal = {Phys. Rev. Lett.},
    Pages = {4686-4689},
    Title = {{Measurement of the solar neutrino capture rate by {SAGE} and implications for neutrino oscillations in vacuum}},
    Volume = {83},
    Year = {1999}}

@article{Kamiokande,
    Author = {Hirata, K. S. and others},
    Journal = {Phys. Rev. Lett.},
    Month = {Jul},
    Pages = {16--19},
    Title = {{Observation of $^{8}\mathrm{B}$ solar neutrinos in the Kamiokande-II detector}},
    Volume = {63},
    Year = {1989}}

@article{Super-Kamiokande,
    Author = {Fukuda, Y. and others},
    Journal = {Phys. Rev. Lett.},
    Month = {Aug},
    Pages = {1158--1162},
    Title = {Measurements of the Solar Neutrino Flux from {Super-Kamiokande's} First 300 Days},
    Volume = {81},
    Year = {1998}}

@article{SNO,
    Author = {Ahmad, Q. R. and others},
    Journal = {Phys. Rev. Lett.},
    Month = {Jul},
    Pages = {071301},
    Title = {Measurement of the Rate of $\nu_e + d \rightarrow p + p + e^-$ Interactions Produced by {$^{8}$B} Solar Neutrinos at the {Sudbury Neutrino Observatory}},
    Volume = {87},
    Year = {2001}}

@article{Chooz,
    Author = {Apollonio, M. and others},
    Journal = {Phys. Lett.},
    Pages = {415-430},
    Title = {Limits on Neutrino Oscillations from the {CHOOZ} Experiment},
    Volume = {B466},
    Year = {1999}}

@article{Paloverde,
    Author = {Boehm, F. and others},
    Journal = {Phys. Rev. Lett.},
    Month = {Apr},
    Number = {17},
    Pages = {3764--3767},
    Title = {Search for Neutrino Oscillations at the Palo Verde Nuclear Reactors},
    Volume = {84},
    Year = {2000}}

@article{Harrison,
    Author = {Harrison, P.F. and Perkins, D.H. and Scott, W.G.},
    Journal = {Physics Letters B},
    Number = {1--4},
    Pages = {167 - 173},
    Title = {Tri-bimaximal mixing and the neutrino oscillation data},
    Volume = {530},
    Year = {2002}}

@article{Altarelli,
    Author = {Altarelli, Guido and Feruglio, Ferruccio},
    Journal = {Rev. Mod. Phys.},
    Month = {Sep},
    Pages = {2701--2729},
    Title = {Discrete flavor symmetries and models of neutrino mixing},
    Volume = {82},
    Year = {2010}}

@misc{Zhang-Neutrino14,
    Author = {Zhang, C.},
    Howpublished = {talk at the XXVI Conference on Neutrino Physics and Astrophysics (Neutrino 2014)},
    Title = {{Recent results from the Daya Bay experiment}},
    Year = {2014}}

@article{Zhan-PRD08,
    Author = {Zhan, L. and Wang, Y. and Cao, J. and Wen, L.},
    Journal = {Phys. Rev. D},
    Month = {Dec},
    Pages = {111103},
    Title = {Determination of the neutrino mass hierarchy at an intermediate baseline},
    Volume = {78},
    Year = {2008}}

@article{Zhan-PRD09,
    Author = {Zhan, L. and Wang, Y. and Cao, J. and Wen, L.},
    Journal = {Phys. Rev. D},
    Month = {Dec},
    Pages = {073007},
    Title = {Experimental requirements to determine the neutrino mass hierarchy using reactor neutrinos},
    Volume = {79},
    Year = {2009}}

@article{Li-PRD13,
    Author = {Li, Y. and Cao, J. and Wang, Y. and Zhan, L.},
    Journal = {Phys. Rev. D},
    Month = {Jul},
    Pages = {013008},
    Title = {Unambiguous determination of the neutrino mass hierarchy using reactor neutrinos},
    Volume = {88},
    Year = {2013}}

@article{Qian-PRD13,
    Author = {Qian, X. and Dwyer D. A. and Mckeown, R. D. and Vogel, P. and Wang, W. and Zhang, C.},
    Journal = {Phys. Rev. D},
    Month = {Feb},
    Pages = {033005},
    Title = {Mass hierarchy resolution in reactor anti-neutrino experiments: Parameter degeneracies and detector energy response},
    Volume = {87},
    Year = {2013}}

@article{Agarwalla,
    Author = {Agarwalla, S. K. and Prakash, S. and Wang, W.},
    Title = {{High-precision measurement of atmospheric mass-squared splitting with T2K and NOvA}},
    Journal = {arXiv:},
    Pages = {1312.1477},
    Year = {2013}}






